@misc{YouTube,
	title = {Does a Falling Slinky Defy Gravity?},
	date = {2012},
	organization = {Youtube},
	author = {Veritasium},
	url = {https://rb.gy/aqk1wr},
}
@misc{ YouTub,
	title = {Slow motion slinky drop 1000fps},
	date = {2011},
	organization = {Youtube},
	author = {Adam Shomsky},
	url = {https://rb.gy/eau3sb}
}
@misc{YouTube2,
	title        = {Anti-Gravity Slinky},
	date         = {},
	organization = {Youtube},
	author       = {ActionLabShorts},
	url          = {https://rb.gy/lfu3mw}
}
@misc{Tracker,
	title        = {Tracker},
	date         = {},
	organization = {Open Source Physics (OSP)},
	author       = {Open Source Physics (OSP)},
	url          = {https://physlets.org/tracker/}
}

@Article{         harris2020array,
	title         = {Array programming with {NumPy}},
	author        = {Charles R. Harris et al},
	year          = {2020},
	month         = sep,
	journal       = {Nature},
	volume        = {585},
	number        = {7825},
	pages         = {357--362},
}

@ARTICLE{2020SciPy-NMeth,
	author  = {Pauli Virtanen et al},
	title   = {{{SciPy} 1.0: Fundamental Algorithms for Scientific
			Computing in Python}},
	journal = {Nature Methods},
	year    = {2020},
	volume  = {17},
	pages   = {261--272},
}